Sample references file.

@article{ng2005light,
  title={Light field photography with a hand-held plenoptic camera},
  author={Ng, Ren and Levoy, Marc and Br{\'e}dif, Mathieu and Duval, Gene and Horowitz, Mark and Hanrahan, Pat}
}
@inproceedings{tao2013depth,
  title={Depth from combining defocus and correspondence using light-field cameras},
  author={Tao, Michael W and Hadap, Sunil and Malik, Jitendra and Ramamoorthi, Ravi},
  booktitle={Proceedings of the IEEE International Conference on Computer Vision},
  pages={673--680},
  year={2013}
}
@article{watanabe1998rational,
  title={Rational filters for passive depth from defocus},
  author={Watanabe, Masahiro and Nayar, Shree K},
  journal={International Journal of Computer Vision},
  volume={27},
  number={3},
  pages={203--225},
  year={1998},
  publisher={Springer}
}
@article{tao2017shape,
  title={Shape estimation from shading, defocus, and correspondence using light-field angular coherence},
  author={Tao, Michael W and Srinivasan, Pratul P and Hadap, Sunil and Rusinkiewicz, Szymon and Malik, Jitendra and Ramamoorthi, Ravi},
  journal={IEEE transactions on pattern analysis and machine intelligence},
  volume={39},
  number={3},
  pages={546--560},
  year={2017},
  publisher={IEEE}
}